<record><leader>00000cas a22000007a 4500</leader><controlfield tag="001">11441615</controlfield><controlfield tag="008">841201d19171923hiudn ne      0    0eng d</controlfield><datafield ind1=" " ind2=" " tag="010"><subfield code="a">sn 84045338 </subfield></datafield><datafield ind1=" " ind2=" " tag="040"><subfield code="a">HWN</subfield><subfield code="b">eng</subfield><subfield code="c">HWN</subfield><subfield code="d">DLC</subfield><subfield code="d">OCLCF</subfield><subfield code="d">OCLCO</subfield></datafield><datafield ind1="1" ind2=" " tag="029"><subfield code="a">AU@</subfield><subfield code="b">000025831745</subfield></datafield><datafield ind1=" " ind2=" " tag="042"><subfield code="a">msc</subfield></datafield><datafield ind1=" " ind2=" " tag="043"><subfield code="a">n-us-hi</subfield></datafield><datafield ind1="0" ind2="0" tag="245"><subfield code="a">Hilo daily tribune.</subfield></datafield><datafield ind1=" " ind2=" " tag="260"><subfield code="a">Hilo, Hawaii :</subfield><subfield code="b">Hilo Tribune Pub. Co.,</subfield><subfield code="c">1917-1923.</subfield></datafield><datafield ind1=" " ind2=" " tag="300"><subfield code="a">7 v. :</subfield><subfield code="b">ill.</subfield></datafield><datafield ind1=" " ind2=" " tag="310"><subfield code="a">Daily (except Mon.)</subfield></datafield><datafield ind1="0" ind2=" " tag="362"><subfield code="a">July 1, 1917-Feb. 18, 1923.</subfield></datafield><datafield ind1=" " ind2=" " tag="580"><subfield code="a">Merged with: Daily post-herald, and: Hawaii herald, to form: Hilo tribune-herald.</subfield></datafield><datafield ind1=" " ind2="0" tag="651"><subfield code="a">Hilo (Hawaii)</subfield><subfield code="v">Periodicals.</subfield></datafield><datafield ind1=" " ind2="7" tag="655"><subfield code="a">Periodicals.</subfield><subfield code="2">fast</subfield><subfield code="0">(OCoLC)fst01411641</subfield></datafield><datafield ind1=" " ind2="7" tag="651"><subfield code="a">Hawaii</subfield><subfield code="z">Hilo.</subfield><subfield code="2">fast</subfield><subfield code="0">(OCoLC)fst01208207</subfield></datafield><datafield ind1=" " ind2=" " tag="752"><subfield code="a">United States</subfield><subfield code="b">Hawaii</subfield><subfield code="c">Hawaii</subfield><subfield code="d">Hilo.</subfield></datafield><datafield ind1="0" ind2="0" tag="780"><subfield code="t">Hilo tribune</subfield><subfield code="w">(DLC)sn 82016339</subfield><subfield code="w">(OCoLC)9294980</subfield></datafield><datafield ind1="1" ind2="7" tag="785"><subfield code="t">Daily post-herald</subfield><subfield code="w">(DLC)sn 84045343</subfield></datafield><datafield ind1="1" ind2="7" tag="785"><subfield code="t">Hawaii herald (Hilo, Hawaii)</subfield><subfield code="w">(DLC)sn 84045344</subfield></datafield><datafield ind1="1" ind2="7" tag="785"><subfield code="t">Hilo tribune</subfield><subfield code="x">2163-6885</subfield><subfield code="w">(DLC)sn 82016339</subfield><subfield code="w">(OCoLC)9294980</subfield></datafield></record>